<?xml version="1.0" encoding="UTF-8"?><collection xmlns="http://www.loc.gov/MARC21/slim"><record><leader>00342nam--2200133-i-4500</leader><controlfield tag="001">000031224</controlfield><controlfield tag="002">20161230</controlfield><controlfield tag="005">20161230201038</controlfield><controlfield tag="008">060222s1000------------r-----000-0-eng-d</controlfield><datafield ind1=" " ind2=" " tag="080"><subfield code="a">621.039.61:621.039.8</subfield></datafield><datafield ind1=" " ind2=" " tag="100"><subfield code="a">Miley, George H</subfield></datafield><datafield ind1=" " ind2=" " tag="245"><subfield code="a">Fusion energy conversion</subfield></datafield><datafield ind1=" " ind2=" " tag="260"><subfield code="a">Illinois, American Nuclear Society. Ix +454p</subfield></datafield><datafield ind1=" " ind2=" " tag="852"><subfield code="a">70686</subfield></datafield></record></collection>